@ARTICLE{MCM,
   author = "Jayadeva",
   title = "Learning a hyperplane classifier by minimizing an exact bound on the VC dimension",
   journal = "Neurocomputing, Elsevier",
   volume = 149,
   pages = "683â€“-689",
   year = 2015
   }

@ARTICLE{frsvm,
   author = "Degang Chen, Qiang He and Xizhao Wang",
   title = "FRSVMs: Fuzzy rough set based support vector machines",
   journal = "Science Direct, Fuzzy Sets and Systems",
   volume = 161,
   pages = "596--607",
   year = 2010
   }
   
@ARTICLE{dcd,
   author = "Cho-Jui Hsieh, Kai-Wei Chang, Chih-Jen Lin, S. Sathiya Keerthi and S. Sundararajan",
   title = "A Dual Coordinate Descent Method for Large-scale Linear SVM",
   journal = "ICML '08 ACM New York",
   pages = "408--415",
   year = 2008
   }
   
@ARTICLE{FuzzyMCM,
   author = "Jayadeva, Sanjit S. Batra and Siddarth Sabharwal",
   title = "Learning a Fuzzy Hyperplane Fat Margin Classifier
with Minimum VC dimension",
   %journal = "ICML '08 ACM New York",
   %pages = "408--415",
   year = 2015
   }

   
@ARTICLE{FuzzyScore,
   author = "Qinghua Hu, Lei Zhang, Degang Chen, Witold Pedrycz and Daren Yu",
   title = "Gaussian kernel based fuzzy rough sets: Model, uncertainty measures and applications",
   journal = "International Journal of Approximate Reasoning",
   volume = 51, 
   pages = "453--471",
   year = 2010
   }

@TECHREPORT{Ernst,
   author = "O. Ernst and G. Golub",
   title = "A domain decomposition approach to solving the {H}elmholtz
		equation with a radiation boundary condition",
   number = "NA-92-08",
   school = "Stanford University, Computer Science Department",
   year = "August 1992"
   }

@TECHREPORT{Fujitsu,
   organization = "Fujitsu",
   title = "FACOM OS IV SSL II USER'S GUIDE, 99SP0050E5",
   year = 1990
   }

@ARTICLE{Gold3,
   author = "C. I. Goldstein",
   title = "Multigrid methods for elliptic problems in unbounded domains",
   journal = "SIAM J. Numer. Anal.",
   volume = 30,
   pages = "159--183",
   year = 1993
   }

@BOOK{Hale,
   author = "J. K. Hale",
   title = "Theory of functional--differential equations",
   publisher = "Springer--Verlag, Berlin--Heidelberg--New York",
   year = 1977
   }

@INBOOK{Swa82,
   author = "P. N. Swarztrauber",
   title = "Vectorizing the {FFTs}",
   editor = "G.~Rodrigue",
   booktitle = "Parallel Computations",
   publisher = "Academic Press, New York",
   year = 1982
   }

@PHDTHESIS{Ta,
   author = "S. Ta'asan",
   title = "Multigrid Methods for Highly Oscillatory Problems",
   school = "Weizmann Institute of Science, Rehovot, Israel",
   year = "1984"
   }